<?xml version="1.0" encoding="UTF-8"?><collection xmlns="http://www.loc.gov/MARC21/slim"><record><leader>00355nam--2200133-i-4500</leader><controlfield tag="001">000041471</controlfield><controlfield tag="002">20161230</controlfield><controlfield tag="005">20161230201043</controlfield><controlfield tag="008">060222s1000------------r-----000-0-eng-d</controlfield><datafield ind1=" " ind2=" " tag="080"><subfield code="a">620.17:621.01</subfield></datafield><datafield ind1=" " ind2=" " tag="100"><subfield code="a">Shigley,Joseph Edward</subfield></datafield><datafield ind1=" " ind2=" " tag="245"><subfield code="a">Mechanical engineering design</subfield></datafield><datafield ind1=" " ind2=" " tag="260"><subfield code="a">Aucklan, Mcgraw-hill Int.Book Comp.,1977. Xvi + 695 P</subfield></datafield><datafield ind1=" " ind2=" " tag="852"><subfield code="a">49458</subfield></datafield></record></collection>